@ONLINE{Piessens:2013:Online,
        author = {Piessens, Frank},
        title = {OVS Homepage},
        year = {2013},
        url = {http://people.cs.kuleuven.be/~frank.piessens/OVS/}
}